
@article{Bannier2018,
  title = {Gender- and {{Education}}-{{Related Effects}} of {{Financial Literacy}} and {{Confidence}} on {{Financial Wealth}}.},
  author = {Bannier, Christina E and Schwarz, Milena},
  year = {2018},
  month = aug,
  volume = {67},
  pages = {66--86},
  issn = {01674870},
  journal = {Journal of Economic Psychology},
  keywords = {Chi-squared test,Confidence,D83,D91,Education,Financial literacy,Financial management,G11,Gender,Higher education,Household finance,J26,Personal finance,Wealth}
}

@article{Carlin2018,
  title = {Millennial-{{Style Learning}}: {{Search Intensity}}, {{Decision Making}}, and {{Information Sharing}}.},
  author = {Carlin, Bruce I and Jiang, Li and Spillera, Stephen A},
  year = {2018},
  month = jul,
  volume = {64},
  pages = {3313--3330},
  issn = {00251909},
  journal = {Management Science},
  keywords = {Database searching,Decision making,distracting advertising,finance,information sharing,Information sharing,Internet in education,learning,Millennials -- Attitudes,video},
  number = {7}
}

@article{Hanly2018,
  title = {Financial {{Hardship Associated}} with {{Colorectal Cancer Survivorship}}: {{The Role}} of {{Asset Depletion}} and {{Debt Accumulation}}},
  author = {P., Hanly and R., Maguire and A.O., Ceilleachair and {Sharp L. AO - Hanly Rebecca; ORCID: http://orcid.org/0000-0002-0368-4626 AO - Sharp, Linda; ORCID: http://orcid.org/0000-0001-9515-1722}, Paul; ORCID: http://orcid.org/0000-0002-5348-4825 A O - Maguire},
  year = {2018},
  month = sep,
  volume = {27},
  pages = {2165--2171},
  issn = {1057-9249},
  doi = {http://dx.doi.org/10.1002/pon.4786},
  journal = {Psycho-Oncology},
  keywords = {*colorectal cancer,*financial deficit,*survivorship,aged,article,cancer survivor,family,female,health care system,human,Ireland,male,population research,prevalence,questionnaire,social status,socioeconomics,stress,very elderly},
  number = {9}
}

@article{Hao2018b,
  title = {Payday {{Loan Marketing}} in {{Social Media Networks}}},
  author = {Hao, Jianqiang and Dai, Hongying},
  year = {2018},
  month = jul,
  volume = {52},
  pages = {441--451},
  issn = {17456606},
  doi = {10.1111/joca.12151},
  journal = {Journal of Consumer Affairs},
  number = {2}
}

@article{West2018,
  title = {Synthesizing an {{Index}} of {{Financial Literacy Using Not}}-{{For}}-{{Purpose Survey Data}}.},
  author = {West, Tracey and Worthington, Andrew C},
  year = {2018},
  month = jul,
  volume = {47},
  pages = {331--352},
  issn = {03915026},
  journal = {Economic Notes},
  keywords = {Financial literacy,Household surveys,Income,Personal finance,Socioeconomic factors,Wealth},
  number = {2/3}
}


@Manual{R-base,
  title = {R: A Language and Environment for Statistical Computing},
  author = {{R Core Team}},
  organization = {R Foundation for Statistical Computing},
  address = {Vienna, Austria},
  year = {2020},
  url = {https://www.R-project.org/},
}
@Manual{R-papaja,
  author = {Frederik Aust and Marius Barth},
  title = {{papaja}: {Create} {APA} manuscripts with {R Markdown}},
  year = {2020},
  note = {R package version 0.1.0.9942},
  url = {https://github.com/crsh/papaja},
}
